
<record>
  <controlfield tag="001">149219</controlfield>
  <datafield tag="035" ind1=" " ind2=" ">
    <subfield code="z">D80-09796</subfield>
    <subfield code="9">DESY</subfield>
  </datafield>
  <datafield tag="035" ind1=" " ind2=" ">
    <subfield code="a">Berger:1979pj</subfield>
    <subfield code="9">SPIRESTeX</subfield>
  </datafield>
  <datafield tag="245" ind1=" " ind2=" ">
    <subfield code="a">HADRON PRODUCTION IN E+ E- INTERACTIONS OBSERVED WITH PLUTO DETECTOR AT PETRA ENERGIES.</subfield>
  </datafield>
  <datafield tag="710" ind1=" " ind2=" ">
    <subfield code="g">PLUTO</subfield>
  </datafield>
</record>